@misc{set,
    author = {{Oracle}},
    title = {{Java Platform Standard Edition 8 Documentation: Interface Set\textless E\textgreater}},
    year = {2014},
    howpublished = {\url{https://docs.oracle.com/javase/8/docs/api/java/lang/Set.html}}
}
@misc{map,
    author = {{Oracle}},
    title = {{Java Platform Standard Edition 8 Documentation: Interface Map\textless K,K\textgreater}},
    year = {2014},
    howpublished = {\url{https://docs.oracle.com/javase/8/docs/api/java/lang/Map.html}}
}
@misc{list,
    author = {{Oracle}},
    title = {{Java Platform Standard Edition 8 Documentation: Interface List\textless E\textgreater}},
    year = {2014},
    howpublished = {\url{https://docs.oracle.com/javase/8/docs/api/java/lang/List.html}}
}
@misc{collection,
    author = {{Oracle}},
    title = {{Java Platform Standard Edition 8 Documentation: Interface Collection\textless E\textgreater}},
    year = {2014},
    howpublished = {\url{https://docs.oracle.com/javase/8/docs/api/java/lang/Collection.html}}
}
@misc{queue,
    author = {{Oracle}},
    title = {{Java Platform Standard Edition 8 Documentation: Interface Queue\textless E\textgreater}},
    year = {2014},
    howpublished = {\url{https://docs.oracle.com/javase/8/docs/api/java/lang/Queue.html}}
}
@misc{array_list,
    author = {{Oracle}},
    title = {{Java Platform Standard Edition 8 Documentation: Class ArrayList\textless E\textgreater}},
    year = {2014},
    howpublished = {\url{https://docs.oracle.com/javase/8/docs/api/java/lang/ArrayList.html}}
}
@misc{linked_list,
    author = {{Oracle}},
    title = {{Java Platform Standard Edition 8 Documentation: Class LinkedList\textless E\textgreater}},
    year = {2014},
    howpublished = {\url{https://docs.oracle.com/javase/8/docs/api/java/lang/LinkedList.html},}
}
@misc{hash_set,
    author = {{Oracle}},
    title = {{Java Platform Standard Edition 8 Documentation: Class HashSet\textless E\textgreater}},
    year = {2014},
    howpublished = {\url{https://docs.oracle.com/javase/8/docs/api/java/lang/HashSet.html}}
}
@misc{tree_set,
    author = {{Oracle}},
    title = {{Java Platform Standard Edition 8 Documentation: Class TreeSet\textless E\textgreater}},
    year = {2014},
    howpublished = {\url{https://docs.oracle.com/javase/8/docs/api/java/lang/TreeSet.html}}
}
@misc{hash_map,
    author = {{Oracle}},
    title = {{Java Platform Standard Edition 8 Documentation: Class HashMap\textless K,V\textgreater}},
    year = {2014},
    howpublished = {\url{https://docs.oracle.com/javase/8/docs/api/java/lang/HashMap.html}}
}
@misc{tree_map,
    author = {{Oracle}},
    title = {{Java Platform Standard Edition 8 Documentation: Class TreeMap\textless K,V\textgreater}},
    year = {2014},
    howpublished = {\url{https://docs.oracle.com/javase/8/docs/api/java/lang/TreeMap.html}}
}
@misc{hashtable,
    author = {{Oracle}},
    title = {{Java Platform Standard Edition 8 Documentation: Class Hashtable\textless K,V\textgreater}},
    year = {2014},
    howpublished = {\url{https://docs.oracle.com/javase/8/docs/api/java/lang/Hashtable.html}}
}
@misc{hashtable,
    author = {{Oracle}},
    title = {{Java Platform Standard Edition 8 Documentation: Class Hashtable\textless K,V\textgreater}},
    year = {2014},
    howpublished = {\url{https://docs.oracle.com/javase/8/docs/api/java/lang/Hashtable.html}}
}
@misc{string,
    author = {{Oracle}},
    title = {{Java Platform Standard Edition 8 Documentation: Class String}},
    year = {2014},
    howpublished = {\url{https://docs.oracle.com/javase/8/docs/api/java/lang/String.html}}
}
@misc{integer,
    author = {{Oracle}},
    title = {{Java Platform Standard Edition 8 Documentation: Class Integer}},
    year = {2014},
    howpublished = {\url{https://docs.oracle.com/javase/8/docs/api/java/lang/Integer.html#compareTo-java.lang.Integer.html}}
}