@misc{amor-2020,
    author = {Amor, Rafael Vindel},
    month = {Marzo},
    title = {{Introducción a Colecciones en Java}},
    year = {2020},
    url = {https://www.adictosaltrabajo.com/2015/09/25/introduccion-a-colecciones-en-java/}
}
@misc{caules-2023,
    author = {Caules, Cecilio Álvarez},
    month = {Enero},
    title = {{Java Collections Framework y su estructura}},
    year = {2023},
    url = {https://www.arquitecturajava.com/java-collections-framework-y-su-estructura/}
}
@article{fernandez-2024,
    author = {Fernandez, Carlos},
    month = {Febrero},
    title = {{Colecciones en Java: guía completa para estudiantes y profesionales}},
    year = {2024},
    url = {https://www.gyata.ai/es/java/java-collections/}
}
@misc{nieva-2023,
	author = {Nieva, Gaby},
	month = {Mayo},
	title = {{Java Collections Framework: Una introducción}},
	year = {2023},
	url = {https://dcodingames.com/java-collections-framework-una-introduccion/}
}